@misc{ eswiki:166659213,
       author = "Wikipedia",
       title = "LaTeX --- Wikipedia{,} La enciclopedia libre",
       year = "2025",
       url = "https://es.wikipedia.org/w/index.php?title=LaTeX&oldid=166659213",
       note = "[Internet; descargado 6-abril-2025]"
}

@software{chatgpt,
  author       = {OpenAI},
  title        = {ChatGPT},
  year         = {2025},
  url          = {https://chat.openai.com/},
  version      = {GPT-5},
}
